@MISC{census,
    HOWPUBLISHED = "\url{https://www.statcan.gc.ca/en/census-agriculture}",
    AUTHOR = "Statistics Canada",
    TITLE = "Census of Agriculture",
    MONTH = "Dec",
    YEAR = "2021",
    NOTE = "Accessed on 2021-12-11"
}